@inproceedings{White,
    author = {White, Richard},
    title = {What is Spatial History?},
    series = {The Spatial History Project},
    year = {2010},
    month = {February},
    howpublished = {\url{https://web.stanford.edu/group/spatialhistory/cgi-bin/site/pub.php?id=29&project_id=997}},
    publisher = {Stanford University}
}

@article{10.1109/TVCG.2014.2346250,
    author = {Brittany Kondo and Christopher Collins},
    title = {DimpVis: Exploring Time-varying Information Visualizations by Direct Manipulation},
    journal ={IEEE Transactions on Visualization and Computer Graphics},
    volume = {99},
    number = {PrePrints},
    issn = {1077-2626},
    year = {2014},
    pages = {1},
    doi = {http://doi.ieeecomputersociety.org/10.1109/TVCG.2014.2346250},
    publisher = {IEEE Computer Society},
    address = {Los Alamitos, CA, USA},
    howpublished = {\url{http://vialab.science.uoit.ca/portfolio/dimpvis}}
}


@misc{Google:Takeout,
    title = {Google Takeout},
    howpublished = {\url{https://google.com/takeout}}
}

@misc{location-history-visualizer,
    title = {location-history-visualizer},
    author = {@theopolisme},
    howpublished = {\url{http://theopolis.me/location-history-visualizer/}}
}

@misc{CDC:Data,
    title = {Vital Statistics Data},
    howpublished = {\url{http://www.cdc.gov/nchs/data_access/Vitalstatsonline.htm}}
}

@misc{NOAA:Volcano,
    title = {Volcano Data and Information},
    howpublished = {\url{http://www.ngdc.noaa.gov/hazard/volcano.shtml}}
}

@misc{three.js,
    title = {three.js: A JavaScript 3D library},
    howpublished = {\url{http://threejs.org/}}
}

@misc{D3.js,
    title = {D3: Data-Driven Documents},
    howpublished = {\url{http://d3js.org/}}
}

@misc{VR:BigData,
    title = {Virtual Reality brings Big Data visualization to life},
    author = {Mike Wheatley},
    howpublished = {\url{http://siliconangle.com/blog/2014/05/29/virtual-reality-brings-big-data-visualization-to-life/}}
}

@misc{Google:Cardboard,
    title = {Cardboard: {D}{I}{Y} {V}{R} for All.},
    howpublished = {\url{https://developers.google.com/cardboard/}}
}

@misc{Google:Photosphere,
    title = {Photo Sphere: Up, down, and all around. Immersive 360ยบ panoramas},
    howpublished = {\url{https://www.google.com/maps/about/contribute/photosphere/}}
}

@misc{Mozilla:DeviceOrientation,
    title = {Detecting device orientation},
    howpublished = {\url{https://developer.mozilla.org/en-US/docs/Web/API/Detecting_device_orientation}}
}
